
@techreport{OMEGA_Mexico,
	title = {Evaluation of next-phase greenhouse gas regulations for passenger vehicles in {Mexico}},
	language = {en},
	institution = {ICCT},
	author = {Posada, Francisco and Blumberg, Kate and Miller, Joshua and Hernandez, Ulises},
	pages = {64},
	file = {Posada et al. - Evaluation of next-phase greenhouse gas regulation.pdf:/Users/roicort/Documents/Zotero/storage/WWPI323L/Posada et al. - Evaluation of next-phase greenhouse gas regulation.pdf:application/pdf},
}

@techreport{FinalRulemaking_EPA_2017,
	title = {Final {Rulemaking} for 2017-2025 {Light}-{Duty} {Vehicle} {Greenhouse} {Gas} {Emission} {Standards} and {Corporate} {Average} {Fuel} {Economy} {Standards}},
	institution = {U.S. Environmental Protection Agency},
	file = {joint_final_tsd.pdf:/Users/roicort/Documents/Zotero/storage/V45V6YE2/joint_final_tsd.pdf:application/pdf},
}

@book{EPA_2012-B,
	series = {Federal {Register}},
	title = {2017 and {Later} {Model} {Year} {Light}-{Duty} {Vehicle} {Greenhouse} {Gas} {Emissions} and corporate {Average} {Fuel} {Economy} {Standards}},
	volume = {77},
	url = {https://www.gpo.gov/fdsys/pkg/FR-2012-10-15/pdf/2012-21972.pdf},
	language = {en},
	number = {199},
	publisher = {National Highway Traffic Safety Administration},
	month = oct,
	year = {2012},
	file = {FR EPA 2017 y posteriores 2012-21972.pdf:/Users/roicort/Documents/Zotero/storage/2FXQ7KBL/FR EPA 2017 y posteriores 2012-21972.pdf:application/pdf},
}

@techreport{Baseline_Pereira_2020,
	title = {Actualización de la línea base para la economía de combustibles de los vehículos livianos en {Colombia} – 2020},
	institution = {Universidad Tecnológica de Pereira},
	file = {Línea base consumo combustible 2020-VF (2).pdf:/Users/roicort/Documents/Zotero/storage/V993WYGB/Línea base consumo combustible 2020-VF (2).pdf:application/pdf},
}

@techreport{EPA_2012-A,
	title = {Regulatory {Impact} {Analysis}: {Final} {Rulemaking} for 2017-2025 {Light}-{Duty} {Vehicle} {Greenhouse} {Gas} {Emission} {Standards} and {Corporate} {Average} {Fuel} {Economy} {Standards}},
	url = {https://nepis.epa.gov/Exe/ZyPDF.cgi/P100EZI1.PDF?Dockey=P100EZI1.PDF},
	institution = {U.S. Environmental Protection Agency},
	month = aug,
	year = {2012},
	file = {P100EZI1.PDF:/Users/roicort/Documents/Zotero/storage/2NQ6FBXP/P100EZI1.PDF:application/pdf},
}

@techreport{InformeFinal_WRI,
	title = {Justificación {Técnica} para la {Aplicación} de {Límites} {Mínimos} en el {Rendimiento} de consumo de combustible en {Vehículos} {Ligeros} de {Colombia} {Diciembre} de 2018},
	institution = {WRI México},
	file = {Informe Final_ Regulación_Rendimiento-de-vehículos-ligeros-de-Colombia_V4.pdf:/Users/roicort/Documents/Zotero/storage/2P339PW8/Informe Final_ Regulación_Rendimiento-de-vehículos-ligeros-de-Colombia_V4.pdf:application/pdf},
}

@techreport{ICCT_Performance_2020,
	title = {{CO2} emissions from new passenger cars in {Europe}: {Car} manufacturers’ performance in 2020},
	language = {en},
	institution = {ICCT},
	author = {Tietge, Uwe and Mock, Peter and Díaz, Sonsoles and Dornoff, Jan},
	pages = {13},
	file = {Tietge - CO2 emissions from new passenger cars in Europe C.pdf:/Users/roicort/Documents/Zotero/storage/E7N4MRBQ/Tietge - CO2 emissions from new passenger cars in Europe C.pdf:application/pdf},
}

@techreport{EPA_2016-B,
	title = {{EPA} {Optimization} {Model} for {Reducing} {Emissions} of {Greenhouse} {Gases} from {Automobiles} ({OMEGA}) core {Model} {Version} 1.4.56.},
	url = {https://nepis.epa.gov/Exe/ZyPDF.cgi/P100OX2M.PDF?Dockey=P100OX2M.PDF},
	institution = {U.S. Environmental Protection Agency},
	file = {P100OX2M.PDF:/Users/roicort/Documents/Zotero/storage/JQ3ZBTUK/P100OX2M.PDF:application/pdf},
}

@techreport{Plan_Energetico-2050,
	title = {Plan {Energético} {Nacional} 2020-2050},
	url = {https://www1.upme.gov.co/DemandayEficiencia/Paginas/PEN.aspx},
	institution = {República de Colombia: Ministerio de Minas y Energía},
	file = {Plan_Energetico_Nacional_2020_2050.pdf:/Users/roicort/Documents/Zotero/storage/4KG3WEBW/Plan_Energetico_Nacional_2020_2050.pdf:application/pdf},
}

@techreport{PMR_LEAP,
	title = {Actualización {Y} {Consolidación} de {Escenarios} de {Emisiones} de {GEI} por {Sector} y {Evaluación} de {Costcos} de {Abatimiento} {Asociados}},
	institution = {Colombia Partnership for Market Readiness},
	file = {PMR_perspectivas_reflexiones_20201209-1.pdf:/Users/roicort/Documents/Zotero/storage/ADXF4QLA/PMR_perspectivas_reflexiones_20201209-1.pdf:application/pdf},
}

@techreport{Prospects_GFEI,
	title = {Prospects for {Fuel} {Efficiency}, {Electrification} and {Fleet} {Decarbonisation}},
	url = {https://www.globalfueleconomy.org/media/708302/gfei-working-paper-20.pdf},
	institution = {Global Fuel Economy Initiative},
	file = {gfei-working-paper-20.pdf:/Users/roicort/Documents/Zotero/storage/AQFDQK73/gfei-working-paper-20.pdf:application/pdf},
}

@techreport{GlobalStatus_GFEI,
	title = {Vehicle {Efficiency} and {Electrification}: {A} {Global} {Status} {Report}},
	url = {https://www.globalfueleconomy.org/media/791561/gfei-global-status-report-2020.pdf},
	institution = {Global Fuel Economy Initiative},
	file = {gfei-global-status-report-2020.pdf:/Users/roicort/Documents/Zotero/storage/7LLVKYDF/gfei-global-status-report-2020.pdf:application/pdf},
}

@misc{Vehicles_PCFV,
	title = {The {Vehicles} {Campaign}},
	url = {https://www.unep.org/explore-topics/transport/what-we-do/partnership-clean-fuels-and-vehicles/vehicles-campaign},
	language = {en},
	journal = {Partnership for Clean Fuels and Vehicles UNEP},
}
